@misc{brenner,
  author = "{Max Brenner}",
  title = "Simulating COVID-19 with Cellular Automata",
  year = "2020",
  url = "https://towardsdatascience.com/simulating-covid-19-with-cellular-automata-aeb820910a9",
  note = "[Online; accessed 29-August-2020]"
}
@misc{woronoj,
  author = "{Wikipedia contributors}",
  title = "Diagram Woronoja",
  year = "2020",
  url = "https://pl.wikipedia.org/wiki/Diagram_Woronoja",
  note = "[Online; accessed 17-August-2020]"
}
@misc{miotla,
  author = "{Wikipedia contributors}",
  title = "Sweep line algorithm",
  year = "2020",
  url = "https://en.wikipedia.org/wiki/Sweep_line_algorithm",
  note = "[Online; accessed 17-August-2020]"
}

@misc{delone,
  author = "{Wikipedia contributors}",
  title = "Delone triangulation",
  year = "2020",
  url = "https://en.wikipedia.org/wiki/Delaunay_triangulation",
  note = "[Online; accessed 28-December-2020]"
}